Quarter,Revenue,COGS,Operating_Expenses,Net_Income
2023Q1,937546,258605,250302,41197
2023Q2,1028070,261498,187993,40226
2023Q3,1025618,258652,169663,39733
2023Q4,1147280,244683,196656,30162
2024Q1,498378,372452,181298,52555
2024Q2,980493,385106,205074,42177
2024Q3,872798,251254,136962,29553
2024Q4,702993,209109,197763,42580
2025Q1,498391,167110,66861,15962
